@article{liyan2022analysis,
  title={Analysis of Traffic Accident Based on Knowledge Graph},
  author={Zhang, Liyan and Tang, Min and Ma, Jiazhen and Duan, Jian and Sun, Xiaoke and Hu, Juan and Xu, Xiaofei and Suchuan, Xu},
  journal={Journal of Advanced Transportation},
  volume={2022},
  year={2022},
  publisher={Hindawi}
}


@inproceedings{bagschik2018ontology,
  title={Ontology based Scene Creation for the Development of Automated Vehicles},
  author={Bagschik, G and Menzel, T and Maurer, M},
  booktitle={2018 21st International Conference on Intelligent Transportation Systems (ITSC)},
  pages={756--761},
  year={2018},
  organization={IEEE}
}

@misc{khot2024prompting,
  title={Prompting Large Language Models with Divide-and-Conquer Program for Discerning Problem Solving},
  author={Khot, T and Ugare, S G and Goenka, M and Singh, S and Trivedi, H R and Sabharwal, A and others},
  year={2024},
  howpublished = {arXiv preprint arXiv:2310.03153},
  note = {Accessed: Aug 31, 2025}
}

@misc{nhtsa_ciren,
  title={{Crash Injury Research and Engineering Network (CIREN) Database}},
  author={{National Highway Traffic Safety Administration (NHTSA)}},
  year={2025},
  howpublished = {U.S. Department of Transportation},
  note = {Accessed: Aug 28, 2025}
}

@misc{gidas_study,
  title={{German In-Depth Accident Study (GIDAS)}},
  author={{German In-Depth Accident Study (GIDAS)}},
  year={2025},
  note = {Accessed: Aug 28, 2025}
}